<?xml version="1.0" encoding="UTF-8"?><collection xmlns="http://www.loc.gov/MARC21/slim"><record><leader>00576nam--2200133-i-4500</leader><controlfield tag="001">000029602</controlfield><controlfield tag="002">20161230</controlfield><controlfield tag="005">20161230201037</controlfield><controlfield tag="008">060222s1000------------r-----000-0-eng-d</controlfield><datafield ind1=" " ind2=" " tag="080"><subfield code="a">621.039.83:616-07</subfield></datafield><datafield ind1=" " ind2=" " tag="100"><subfield code="a">Lafaye, Louise., Yvonne, Cludine, .  Nee, Souchal</subfield></datafield><datafield ind1=" " ind2=" " tag="245"><subfield code="a">Contribution a l`etude de la scientigraphie cerebrale au technetium 99m.apport de la camera a scintillations et du traitement de l`information a la scintigraphie dynamique et semi-quantitative-a propos de 410 observations.these</subfield></datafield><datafield ind1=" " ind2=" " tag="260"><subfield code="a">Clermont, Universite De Clermont, 1970. 225p</subfield></datafield><datafield ind1=" " ind2=" " tag="852"><subfield code="a">38970</subfield></datafield></record></collection>